<?xml version="1.0" encoding="UTF-8"?><collection xmlns="http://www.loc.gov/MARC21/slim"><record><leader>00445nam--2200145-i-4500</leader><controlfield tag="001">000046982</controlfield><controlfield tag="002">20161230</controlfield><controlfield tag="005">20161230201046</controlfield><controlfield tag="008">060222s1000------------r-----000-0-eng-d</controlfield><datafield ind1=" " ind2=" " tag="080"><subfield code="a">512.54(043.3):512.57(043)</subfield></datafield><datafield ind1=" " ind2=" " tag="100"><subfield code="a">Wawrzynczyk, Antoni</subfield></datafield><datafield ind1=" " ind2=" " tag="245"><subfield code="a">Reciprocity theorems in the theory of representations of groups and algebras</subfield></datafield><datafield ind1=" " ind2=" " tag="260"><subfield code="a">Warszawa, Panstwowe Wydawnictwo Naukowe, 1975, 65p</subfield></datafield><datafield ind1=" " ind2=" " tag="490"><subfield code="a">Dissert.Mathematicae</subfield></datafield><datafield ind1=" " ind2=" " tag="852"><subfield code="a">7385</subfield></datafield></record></collection>